<record><leader>01740cam a2200361 i 4500</leader><controlfield tag="001">6815566</controlfield><controlfield tag="003">OCoLC</controlfield><controlfield tag="005">20150220115227.0</controlfield><controlfield tag="008">140723s2015    nyu           000 1 eng  </controlfield><datafield ind1=" " ind2=" " tag="010"><subfield code="a">  2014028880</subfield></datafield><datafield ind1=" " ind2=" " tag="020"><subfield code="a">0316297224 (hbk.)</subfield></datafield><datafield ind1=" " ind2=" " tag="020"><subfield code="a">9780316297226 (hbk.)</subfield></datafield><datafield ind1=" " ind2=" " tag="035"><subfield code="a">ocn884571010</subfield></datafield><datafield ind1=" " ind2=" " tag="040"><subfield code="a">DLC</subfield><subfield code="b">eng</subfield><subfield code="e">rda</subfield><subfield code="c">DLC</subfield><subfield code="d">IG#</subfield><subfield code="d">GZM</subfield><subfield code="d">WIM</subfield><subfield code="d">HEV</subfield><subfield code="d">OCLCO</subfield><subfield code="d">COO</subfield><subfield code="d">YDXCP</subfield><subfield code="d">CZA</subfield><subfield code="d">BTCTA</subfield><subfield code="d">BDX</subfield><subfield code="d">HQD</subfield><subfield code="d">IMD</subfield><subfield code="d">OLC</subfield><subfield code="d">IXA</subfield><subfield code="d">CDX</subfield><subfield code="d">UAB</subfield><subfield code="d">AEU</subfield></datafield><datafield ind1="0" ind2="0" tag="050"><subfield code="a">PS3566.E2187</subfield><subfield code="b">A6 2015</subfield></datafield><datafield ind1="0" ind2="0" tag="082"><subfield code="a">813/.54</subfield><subfield code="2">23</subfield></datafield><datafield ind1=" " ind2=" " tag="090"><subfield code="a">PS 3566 E2187 A6 2015</subfield><subfield code="b">AEU</subfield></datafield><datafield ind1="1" ind2=" " tag="100"><subfield code="a">Pearlman, Edith,</subfield><subfield code="d">1936-</subfield><subfield code="e">author.</subfield></datafield><datafield ind1="1" ind2="0" tag="240"><subfield code="a">Short stories.</subfield><subfield code="k">Selections</subfield></datafield><datafield ind1="1" ind2="0" tag="245"><subfield code="a">Honeydew :</subfield><subfield code="b">stories /</subfield><subfield code="c">Edith Pearlman.</subfield></datafield><datafield ind1=" " ind2=" " tag="250"><subfield code="a">First edition.</subfield></datafield><datafield ind1=" " ind2="1" tag="264"><subfield code="a">New York :</subfield><subfield code="b">Little, Brown and Company,</subfield><subfield code="c">2015.</subfield></datafield><datafield ind1=" " ind2=" " tag="300"><subfield code="a">279 pages ;</subfield><subfield code="c">22 cm</subfield></datafield><datafield ind1=" " ind2=" " tag="336"><subfield code="a">text</subfield><subfield code="b">txt</subfield><subfield code="2">rdacontent</subfield></datafield><datafield ind1=" " ind2=" " tag="337"><subfield code="a">unmediated</subfield><subfield code="b">n</subfield><subfield code="2">rdamedia</subfield></datafield><datafield ind1=" " ind2=" " tag="338"><subfield code="a">volume</subfield><subfield code="b">nc</subfield><subfield code="2">rdacarrier</subfield></datafield><datafield ind1="0" ind2=" " tag="505"><subfield code="a">Tenderfoot -- Dream children -- Castle 4 -- Stone -- Her cousin Jamie -- Blessed Harry -- Puck -- Assisted living -- What the ax forgets the tree remembers -- The golden swan -- Cul-de-sac -- Deliverance -- Fishwater -- Wait and see -- Flowers -- Conveniences -- Hat trick -- Sonny -- The descent of happiness -- Honeydew.</subfield></datafield><datafield ind1=" " ind2=" " tag="520"><subfield code="a">Presents a collection of short stories full of teenage drug use, anorexia, cruise-ship stowaways, and a widowed nail tech who finds herself falling for a client.</subfield></datafield><datafield ind1=" " ind2=" " tag="596"><subfield code="a">43</subfield></datafield><datafield ind1=" " ind2="0" tag="650"><subfield code="a">Short stories, American</subfield><subfield code="y">21st century.</subfield></datafield><datafield ind1="1" ind2="2" tag="700"><subfield code="a">Pearlman, Edith,</subfield><subfield code="d">1936-</subfield><subfield code="t">Tenderfoot.</subfield></datafield><datafield ind1=" " ind2=" " tag="949"><subfield code="a">PS 3566 E2187 A6 2015</subfield><subfield code="h">UAHS-B</subfield><subfield code="i">0162035248317</subfield></datafield><datafield ind1=" " ind2=" " tag="926"><subfield code="a">PS 3566 E2187 A6 2015</subfield><subfield code="w">LC</subfield><subfield code="c">1</subfield><subfield code="i">0162035248317</subfield><subfield code="d">2/17/2016</subfield><subfield code="e">1/23/2016</subfield><subfield code="l">ON_SHELF</subfield><subfield code="m">UAHSS</subfield><subfield code="n">3</subfield><subfield code="p">$150.00</subfield><subfield code="r">Y</subfield><subfield code="s">Y</subfield><subfield code="t">BOOK</subfield><subfield code="u">3/4/2015</subfield></datafield></record>